@article{baveye2015liris,
  title={LIRIS-ACCEDE: A video database for affective content analysis},
  author={Baveye, Yoann and Dellandrea, Emmanuel and Chamaret, Christel and Chen, Liming},
  journal={IEEE Transactions on Affective Computing},
  volume={6},
  number={1},
  pages={43--55},
  year={2015},
  publisher={IEEE}
}
@inproceedings{baveye2015deep,
  title={Deep learning vs. kernel methods: Performance for emotion prediction in videos},
  author={Baveye, Yoann and Dellandr{\'e}a, Emmanuel and Chamaret, Christel and Chen, Liming},
  booktitle={Affective Computing and Intelligent Interaction (ACII), 2015 International Conference on},
  pages={77--83},
  year={2015},
  organization={IEEE}
}
@inproceedings{malandrakis2011supervised,
  title={A supervised approach to movie emotion tracking},
  author={Malandrakis, Nikos and Potamianos, Alexandros and Evangelopoulos, Georgios and Zlatintsi, Athanasia},
  booktitle={2011 IEEE international conference on acoustics, speech and signal processing (ICASSP)},
  pages={2376--2379},
  year={2011},
  organization={IEEE}
}
@inproceedings{gupta2015affect,
  title={Affect prediction in music using boosted ensemble of filters},
  author={Gupta, Rahul and Kumar, Naveen and Narayanan, Shrikanth},
  booktitle={Signal Processing Conference (EUSIPCO), 2015 23rd European},
  pages={11--15},
  year={2015},
  organization={IEEE}
}
@inproceedings{ellis2014predicting,
  title={Predicting evoked emotions in video},
  author={Ellis, Joseph G and Lin, W Sabrina and Lin, Ching-Yung and Chang, Shih-Fu},
  booktitle={Multimedia (ISM), 2014 IEEE International Symposium on},
  pages={287--294},
  year={2014},
  organization={IEEE}
}
@inproceedings{soleymani2008affective,
  title={Affective ranking of movie scenes using physiological signals and content analysis},
  author={Soleymani, Mohammad and Chanel, Guillaume and Kierkels, Joep JM and Pun, Thierry},
  booktitle={Proceedings of the 2nd ACM workshop on Multimedia semantics},
  pages={32--39},
  year={2008},
  organization={ACM}
}
@inproceedings{xu2008hierarchical,
  title={Hierarchical movie affective content analysis based on arousal and valence features},
  author={Xu, Min and Jin, Jesse S and Luo, Suhuai and Duan, Lingyu},
  booktitle={Proceedings of the 16th ACM international conference on Multimedia},
  pages={677--680},
  year={2008},
  organization={ACM}
}
@article{mediaeval2016,
  title={MediaEval 2016},
  url={http://multimediaeval.org/mediaeval2016/}  
}