@inproceedings{gupta2015affect,
  title={Affect prediction in music using boosted ensemble of filters},
  author={Gupta, Rahul and Kumar, Naveen and Narayanan, Shrikanth},
  booktitle={Signal Processing Conference (EUSIPCO), 2015 23rd European},
  pages={11--15},
  year={2015},
  organization={IEEE}
}
@article{friedman2001greedy,
  title={Greedy function approximation: a gradient boosting machine},
  author={Friedman, Jerome H},
  journal={Annals of statistics},
  pages={1189--1232},
  year={2001},
  publisher={JSTOR}
}
